<?xml version="1.0" encoding="UTF-8" ?>
<collection xmlns:xsi="http://www.w3.org/2001/XMLSchema-instance" xsi:schemaLocation="http://www.loc.gov/MARC21/slim http://www.loc.gov/standards/marcxml/schema/MARC21slim.xsd" xmlns="http://www.loc.gov/MARC21/slim">
   <record>
      <leader>     cam a22      a 4500</leader>
      <controlfield tag="001">1746479</controlfield>
      <controlfield tag="003">COO</controlfield>
      <controlfield tag="005">20140916172223.0</controlfield>
      <controlfield tag="008">900628q1960    ir       i    000 0 ara d</controlfield>
      <datafield tag="035" ind1=" " ind2=" ">
         <subfield code="a">(NIC)notisAJD7577</subfield>
      </datafield>
      <datafield tag="035" ind1=" " ind2=" ">
         <subfield code="a">(OCoLC)35258059</subfield>
      </datafield>
      <datafield tag="035" ind1=" " ind2=" ">
         <subfield code="a">1746479</subfield>
      </datafield>
      <datafield tag="040" ind1=" " ind2=" ">
         <subfield code="a">NIC</subfield>
         <subfield code="c">NIC</subfield>
      </datafield>
      <datafield tag="100" ind1="1" ind2=" ">
         <subfield code="a">Muṣṭafāwī al-Khurāsānī, Jawād.</subfield>
      </datafield>
      <datafield tag="245" ind1="1" ind2="3">
         <subfield code="a">al-Kāshif ʻan alfāẓ nahj al-balāghah wa-fī sharḥihi :</subfield>
         <subfield code="b">yurshidu al-qārʼ̄ ilá ayī lafẓ arāda min al-nahj fī ayī matn aw sharḥ /</subfield>
         <subfield code="c">waḍaʻahu Jawād al-Muṣṭafawī al-Khurāsānī.</subfield>
      </datafield>
      <datafield tag="260" ind1=" " ind2=" ">
         <subfield code="a">Ṭihrān :</subfield>
         <subfield code="b">[M. Akhawandī,</subfield>
         <subfield code="c">[196-?]</subfield>
      </datafield>
      <datafield tag="300" ind1=" " ind2=" ">
         <subfield code="a">1 v. (various pagings) ;</subfield>
         <subfield code="c">25 cm.</subfield>
      </datafield>
      <datafield tag="500" ind1=" " ind2=" ">
         <subfield code="a">Title page partially vocalized.</subfield>
      </datafield>
      <datafield tag="500" ind1=" " ind2=" ">
         <subfield code="a">Spine title: al-Kāshif.</subfield>
      </datafield>
      <datafield tag="600" ind1="1" ind2="0">
         <subfield code="a">Sharīf al-Raḍī, Muḥammad ibn al-Ḥusayn,</subfield>
         <subfield code="d">969 or 970-1016.</subfield>
         <subfield code="t">Nahj al-balāghah</subfield>
         <subfield code="x">Indexes.</subfield>
      </datafield>
      <datafield tag="600" ind1="0" ind2="0">
         <subfield code="a">ʻAlī ibn Abī Ṭālib,</subfield>
         <subfield code="c">Caliph,</subfield>
         <subfield code="d">approximately 600-661</subfield>
         <subfield code="x">Dictionaries, indexes, etc.</subfield>
      </datafield>
      <datafield tag="650" ind1=" " ind2="0">
         <subfield code="a">Hadith (Shiites)</subfield>
         <subfield code="x">Indexes.</subfield>
      </datafield>
      <datafield tag="700" ind1="0" ind2=" ">
         <subfield code="a">Kāshif.</subfield>
      </datafield>
      <datafield tag="905" ind1=" " ind2=" ">
         <subfield code="a">19901025120000.0</subfield>
      </datafield>
      <datafield tag="903" ind1=" " ind2=" ">
         <subfield code="a">NYUACO</subfield>
         <subfield code="d">20141028</subfield>
         <subfield code="p">31924073796025</subfield>
      </datafield>
      <datafield tag="950" ind1=" " ind2=" ">
         <subfield code="a">BP193.1.A2</subfield>
         <subfield code="b">M99 1960a</subfield>
         <subfield code="v"> </subfield>
      </datafield>
   </record>
</collection>
